@TECHREPORT{intuitivePatents,
  author =       {Alan N. Hoffman},
  title =        {Intuitive Surgical, Inc.: How Long Can Their Monopoly Last?},
  institution =  {Rotterdam School of Management, Erasmus University and Bentley University},
  year =         {2010},
  number =       {310-106-1}
}

@ARTICLE{ravenDesc,
  author =       {Blake Hannaford and Jacob Rosen and Diana W. Friedman and Hawkeye King and Phillip Roan and Lei Cheng and Daniel Glozman and Ji Ma and Sina Nia Kosari and  Lee White},
  title =        {Raven-{II}: An Open Platform for Surgical Robotics Research},
  journal =      {IEEE Trans. Biomed. Eng.},
  year =         {2013},
  volume =       {60},
  number =       {4},
  pages =        {954--959},
  month =        {April},
  doi =          {10.1109/TBME.2012.2228858},
}

@ARTICLE{ravenSpectrum,
  author =       {Jacob Rosen and Blake Hannaford},
  title =        {Doc at a Distance},
  journal =      {IEEE Spectrum},
  year =         {2006},
  pages =        {34--39},
  month =        {October}
}

@standard{ecma404,
  address = {Geneva},
  number = {404},
  organization = {ECMA International},
  title = {{The JSON Data Interchange Format}},
  year = {2013}
}